{
  "leader": "02600cas a2200637 i 4500",
  "fields": [
    {
      "001": "ocm01765203\\"
    },
    {
      "003": "OCoLC"
    },
    {
      "005": "20220225114326.0"
    },
    {
      "008": "751101d19381967ctugr\\\\\\\\\\\\\\\\\\0\\\\\\a0eng\\\\"
    },
    {
      "010": {
        "ind1": "\\",
        "ind2": "\\",
        "subfields": [
          {
            "a": "   39014778 "
          }
        ]
      }
    },
    {
      "040": {
        "ind1": "\\",
        "ind2": "\\",
        "subfields": [
          {
            "a": "DLC"
          },
          {
            "b": "eng"
          },
          {
            "c": "MUL"
          },
          {
            "d": "NSD"
          },
          {
            "d": "IUL"
          },
          {
            "d": "DLC"
          },
          {
            "d": "OCL"
          },
          {
            "d": "RCS"
          },
          {
            "d": "OCL"
          },
          {
            "d": "IUL"
          },
          {
            "d": "NST"
          },
          {
            "d": "NLM"
          },
          {
            "d": "OCLCQ"
          },
          {
            "d": "LVB"
          },
          {
            "d": "NIALS"
          },
          {
            "d": "OCLCQ"
          },
          {
            "d": "HEBIS"
          },
          {
            "d": "GBVCP"
          },
          {
            "d": "GWDNB"
          },
          {
            "d": "UKMGB"
          },
          {
            "d": "OCLCF"
          },
          {
            "d": "OCLCO"
          },
          {
            "d": "OCLCQ"
          },
          {
            "d": "OCLCO"
          },
          {
            "d": "NLC"
          },
          {
            "d": "PAU"
          },
          {
            "d": "OCLCO"
          },
          {
            "d": "OCLCA"
          },
          {
            "d": "OCLCQ"
          },
          {
            "d": "CAI"
          },
          {
            "d": "CPO"
          },
          {
            "d": "OCLCQ"
          },
          {
            "d": "OCLCA"
          }
        ]
      }
    },
    {
      "012": {
        "ind1": "\\",
        "ind2": "\\",
        "subfields": [
          {
            "a": "3"
          },
          {
            "b": "3"
          },
          {
            "e": "n"
          },
          {
            "i": "8511"
          }
        ]
      }
    },
    {
      "016": {
        "ind1": "\\",
        "ind2": "\\",
        "subfields": [
          {
            "a": "(AMICUS)000000951590"
          }
        ]
      }
    },
    {
      "016": {
        "ind1": "7",
        "ind2": "\\",
        "subfields": [
          {
            "a": "011229608"
          },
          {
            "2": "DE-101"
          }
        ]
      }
    },
    {
      "016": {
        "ind1": "7",
        "ind2": "\\",
        "subfields": [
          {
            "a": "211627-3"
          },
          {
            "2": "DE-600"
          }
        ]
      }
    },
    {
      "016": {
        "ind1": "7",
        "ind2": "\\",
        "subfields": [
          {
            "a": "0232536"
          },
          {
            "2": "DNLM"
          }
        ]
      }
    },
    {
      "016": {
        "ind1": "7",
        "ind2": "\\",
        "subfields": [
          {
            "a": "S12290000"
          },
          {
            "2": "DNLM"
          }
        ]
      }
    },
    {
      "016": {
        "ind1": "7",
        "ind2": "\\",
        "subfields": [
          {
            "a": "009868926"
          },
          {
            "2": "Uk"
          }
        ]
      }
    },
    {
      "019": {
        "ind1": "\\",
        "ind2": "\\",
        "subfields": [
          {
            "a": "302967"
          },
          {
            "a": "1157653"
          },
          {
            "a": "7492246"
          },
          {
            "a": "9590160"
          },
          {
            "a": "1064360935"
          },
          {
            "a": "1200992048"
          },
          {
            "a": "1201566564"
          },
          {
            "a": "1201608253"
          },
          {
            "a": "1201837851"
          },
          {
            "a": "1201983591"
          },
          {
            "a": "1202010401"
          }
        ]
      }
    },
    {
      "022": {
        "ind1": "\\",
        "ind2": "\\",
        "subfields": [
          {
            "a": "0097-0611"
          },
          {
            "l": "0097-0611"
          },
          {
            "2": "1"
          }
        ]
      }
    },
    {
      "030": {
        "ind1": "\\",
        "ind2": "\\",
        "subfields": [
          {
            "a": "SCIPAR"
          }
        ]
      }
    },
    {
      "035": {
        "ind1": "\\",
        "ind2": "\\",
        "subfields": [
          {
            "a": "(OCoLC)1765203"
          },
          {
            "z": "(OCoLC)302967"
          },
          {
            "z": "(OCoLC)1157653"
          },
          {
            "z": "(OCoLC)7492246"
          },
          {
            "z": "(OCoLC)9590160"
          },
          {
            "z": "(OCoLC)1064360935"
          },
          {
            "z": "(OCoLC)1200992048"
          },
          {
            "z": "(OCoLC)1201566564"
          },
          {
            "z": "(OCoLC)1201608253"
          },
          {
            "z": "(OCoLC)1201837851"
          },
          {
            "z": "(OCoLC)1201983591"
          },
          {
            "z": "(OCoLC)1202010401"
          }
        ]
      }
    },
    {
      "042": {
        "ind1": "\\",
        "ind2": "\\",
        "subfields": [
          {
            "a": "nsdp"
          },
          {
            "a": "pcc"
          }
        ]
      }
    },
    {
      "050": {
        "ind1": "0",
        "ind2": "0",
        "subfields": [
          {
            "a": "Q171"
          },
          {
            "b": ".S582"
          }
        ]
      }
    },
    {
      "060": {
        "ind1": "0",
        "ind2": "0",
        "subfields": [
          {
            "a": "W1"
          },
          {
            "b": "SC722"
          }
        ]
      }
    },
    {
      "082": {
        "ind1": "0",
        "ind2": "0",
        "subfields": [
          {
            "a": "508"
          },
          {
            "b": "SCI"
          }
        ]
      }
    },
    {
      "222": {
        "ind1": "\\",
        "ind2": "0",
        "subfields": [
          {
            "a": "Science in progress"
          },
          {
            "b": "(New Haven)"
          }
        ]
      }
    },
    {
      "245": {
        "ind1": "0",
        "ind2": "0",
        "subfields": [
          {
            "a": "Science in progress."
          }
        ]
      }
    },
    {
      "260": {
        "ind1": "\\",
        "ind2": "\\",
        "subfields": [
          {
            "a": "New Haven :"
          },
          {
            "b": "Yale University Press"
          }
        ]
      }
    },
    {
      "300": {
        "ind1": "\\",
        "ind2": "\\",
        "subfields": [
          {
            "a": "16 volumes :"
          },
          {
            "b": "illustrations ;"
          },
          {
            "c": "24 cm."
          }
        ]
      }
    },
    {
      "310": {
        "ind1": "\\",
        "ind2": "\\",
        "subfields": [
          {
            "a": "Biennial"
          }
        ]
      }
    },
    {
      "336": {
        "ind1": "\\",
        "ind2": "\\",
        "subfields": [
          {
            "a": "text"
          },
          {
            "b": "txt"
          },
          {
            "2": "rdacontent"
          }
        ]
      }
    },
    {
      "337": {
        "ind1": "\\",
        "ind2": "\\",
        "subfields": [
          {
            "a": "unmediated"
          },
          {
            "b": "n"
          },
          {
            "2": "rdamedia"
          }
        ]
      }
    },
    {
      "338": {
        "ind1": "\\",
        "ind2": "\\",
        "subfields": [
          {
            "a": "volume"
          },
          {
            "b": "nc"
          },
          {
            "2": "rdacarrier"
          }
        ]
      }
    },
    {
      "362": {
        "ind1": "0",
        "ind2": "\\",
        "subfields": [
          {
            "a": "[1st-]-16th ser.; 1937/38-1967."
          }
        ]
      }
    },
    {
      "490": {
        "ind1": "1",
        "ind2": "\\",
        "subfields": [
          {
            "a": "Vol. 6: Silliman lectures"
          }
        ]
      }
    },
    {
      "520": {
        "ind1": "\\",
        "ind2": "\\",
        "subfields": [
          {
            "a": "Volumes for <1964-> contain national lectureships of the Society of Sigma Xi and the Scientific Research Society of America."
          }
        ]
      }
    },
    {
      "530": {
        "ind1": "\\",
        "ind2": "\\",
        "subfields": [
          {
            "a": "Also issued online."
          }
        ]
      }
    },
    {
      "650": {
        "ind1": "\\",
        "ind2": "0",
        "subfields": [
          {
            "a": "Science"
          },
          {
            "v": "Periodicals."
          }
        ]
      }
    },
    {
      "650": {
        "ind1": "\\",
        "ind2": "0",
        "subfields": [
          {
            "a": "Research"
          },
          {
            "v": "Periodicals."
          }
        ]
      }
    },
    {
      "650": {
        "ind1": "\\",
        "ind2": "7",
        "subfields": [
          {
            "a": "Research."
          },
          {
            "2": "fast"
          },
          {
            "0": "(OCoLC)fst01095153"
          }
        ]
      }
    },
    {
      "650": {
        "ind1": "\\",
        "ind2": "7",
        "subfields": [
          {
            "a": "Science."
          },
          {
            "2": "fast"
          },
          {
            "0": "(OCoLC)fst01108176"
          }
        ]
      }
    },
    {
      "650": {
        "ind1": "\\",
        "ind2": "2",
        "subfields": [
          {
            "a": "Research."
          }
        ]
      }
    },
    {
      "650": {
        "ind1": "\\",
        "ind2": "2",
        "subfields": [
          {
            "a": "Science."
          }
        ]
      }
    },
    {
      "655": {
        "ind1": "\\",
        "ind2": "7",
        "subfields": [
          {
            "a": "Periodicals."
          },
          {
            "2": "fast"
          },
          {
            "0": "(OCoLC)fst01411641"
          }
        ]
      }
    },
    {
      "655": {
        "ind1": "\\",
        "ind2": "2",
        "subfields": [
          {
            "a": "Periodical."
          }
        ]
      }
    },
    {
      "760": {
        "ind1": "0",
        "ind2": "\\",
        "subfields": [
          {
            "t": "Mrs. Hepsa Ely Silliman memorial lectures"
          }
        ]
      }
    },
    {
      "776": {
        "ind1": "0",
        "ind2": "8",
        "subfields": [
          {
            "i": "Online version:"
          },
          {
            "t": "Science in progress"
          },
          {
            "w": "(OCoLC)558464852"
          }
        ]
      }
    },
    {
      "776": {
        "ind1": "0",
        "ind2": "8",
        "subfields": [
          {
            "i": "Online version:"
          },
          {
            "t": "Science in progress"
          },
          {
            "w": "(OCoLC)590096180"
          }
        ]
      }
    },
    {
      "776": {
        "ind1": "0",
        "ind2": "8",
        "subfields": [
          {
            "i": "Online version:"
          },
          {
            "t": "Science in progress"
          },
          {
            "w": "(OCoLC)609236650"
          }
        ]
      }
    },
    {
      "830": {
        "ind1": "\\",
        "ind2": "0",
        "subfields": [
          {
            "a": "Mrs. Hepsa Ely Silliman memorial lectures."
          }
        ]
      }
    },
    {
      "850": {
        "ind1": "\\",
        "ind2": "\\",
        "subfields": [
          {
            "a": "DLC"
          },
          {
            "a": "InLP"
          },
          {
            "a": "InU"
          },
          {
            "a": "NjR"
          },
          {
            "a": "PU"
          }
        ]
      }
    },
    {
      "936": {
        "ind1": "\\",
        "ind2": "\\",
        "subfields": [
          {
            "a": "Unknown"
          },
          {
            "a": "14th ser. (surrogate)"
          }
        ]
      }
    },
    {
      "994": {
        "ind1": "\\",
        "ind2": "\\",
        "subfields": [
          {
            "a": "Z0"
          },
          {
            "b": "NYRVC"
          }
        ]
      }
    },
    {
      "948": {
        "ind1": "\\",
        "ind2": "\\",
        "subfields": [
          {
            "h": "NO HOLDINGS IN NYRVC - 635 OTHER HOLDINGS"
          }
        ]
      }
    },
    {
      "999": {
        "ind1": "\\",
        "ind2": "\\",
        "subfields": [
          {
            "a": "00000000016540"
          },
          {
            "v": "v. 15"
          }
        ]
      }
    }
  ]
}